<record><leader>00000cas a2200000 a 4500</leader><controlfield tag="001">11775628</controlfield><controlfield tag="008">850307d18871894ksuwr ne      0   a0eng d</controlfield><datafield ind1=" " ind2=" " tag="010"><subfield code="a">sn 85030987 </subfield></datafield><datafield ind1=" " ind2=" " tag="040"><subfield code="a">KSH</subfield><subfield code="b">eng</subfield><subfield code="c">KSH</subfield><subfield code="d">NPT</subfield><subfield code="d">OCL</subfield><subfield code="d">OCLCQ</subfield></datafield><datafield ind1=" " ind2=" " tag="042"><subfield code="a">msc</subfield></datafield><datafield ind1="0" ind2="0" tag="245"><subfield code="a">Florence weekly bulletin.</subfield></datafield><datafield ind1=" " ind2=" " tag="260"><subfield code="a">Florence, Kan. :</subfield><subfield code="b">[J.B. Crouch],</subfield><subfield code="c">1887-1894.</subfield></datafield><datafield ind1=" " ind2=" " tag="300"><subfield code="a">8 v. :</subfield><subfield code="b">ill. ;</subfield><subfield code="c">64 cm.</subfield></datafield><datafield ind1=" " ind2=" " tag="310"><subfield code="a">Weekly</subfield></datafield><datafield ind1="0" ind2=" " tag="362"><subfield code="a">Vol. 1, no. 1 (Feb. 17, 1887)-v. 8, no. 4 (Mar. 9, 1894).</subfield></datafield><datafield ind1=" " ind2=" " tag="500"><subfield code="a">Published by: J.E. House, June 24, 1892-Jan. 5, 1894; House &amp; Manlove, Jan. 12-Mar. 9, 1894.</subfield></datafield><datafield ind1=" " ind2=" " tag="500"><subfield code="a">"Democratic."</subfield></datafield><datafield ind1=" " ind2=" " tag="752"><subfield code="a">United States</subfield><subfield code="b">Kansas</subfield><subfield code="c">Marion</subfield><subfield code="d">Florence.</subfield></datafield><datafield ind1="0" ind2="0" tag="780"><subfield code="t">Marion tribune (Marion, Kan.)</subfield><subfield code="w">(DLC)sn 85031032</subfield></datafield><datafield ind1="0" ind2="0" tag="785"><subfield code="t">Florence bulletin (Florence, Kan. : 1894)</subfield><subfield code="w">(DLC)sn 85030988</subfield></datafield></record>